%% This BibTeX bibliography file was created using BibDesk.
%% http://bibdesk.sourceforge.net/


%% Created for Biessmann, Felix at 2016-05-18 12:59:02 +0200 


%% Saved with string encoding Unicode (UTF-8) 



@article{Agarwal2014,
	Author = {Alekh Agarwal and Olivier Chapelle and Miroslav Dud{\'{\i}}k and John Langford},
	Bibsource = {dblp computer science bibliography, http://dblp.org},
	Biburl = {http://dblp.uni-trier.de/rec/bib/journals/jmlr/AgarwalCDL14},
	Date-Added = {2016-05-18 10:07:51 +0000},
	Date-Modified = {2016-05-18 10:09:45 +0000},
	Journal = {Journal of Machine Learning Research},
	Number = {1},
	Pages = {1111--1133},
	Timestamp = {Sat, 28 Jun 2014 16:32:12 +0200},
	Title = {A reliable effective terascale linear learning system},
	Url = {http://dl.acm.org/citation.cfm?id=2638571},
	Volume = {15},
	Year = {2014},
	Bdsk-File-1 = {YnBsaXN0MDDUAQIDBAUGJCVYJHZlcnNpb25YJG9iamVjdHNZJGFyY2hpdmVyVCR0b3ASAAGGoKgHCBMUFRYaIVUkbnVsbNMJCgsMDxJXTlMua2V5c1pOUy5vYmplY3RzViRjbGFzc6INDoACgAOiEBGABIAFgAdccmVsYXRpdmVQYXRoWWFsaWFzRGF0YV8QLi4uLy4uLy4uLy4uL0Ryb3Bib3gvbGl0ZXJhdHVyZS9BZ2Fyd2FsMjAxNC5wZGbSFwsYGVdOUy5kYXRhTxEBngAAAAABngACAAAMTWFjaW50b3NoIEhEAAAAAAAAAAAAAAAAAAAAz/az40grAAAAFgnkD0FnYXJ3YWwyMDE0LnBkZgAAAAAAAAAAAAAAAAAAAAAAAAAAAAAAAAAAAAAAAAAAAAAAAAAAAAAAAAAAAAAAAAIsJZ7TYgvBAAAAAAAAAAAABAADAAAJIAAAAAAAAAAAAAAAAAAAAApsaXRlcmF0dXJlABAACAAAz/aXwwAAABEACAAA02HvoQAAAAEAEAAWCeQAFgj0AAdVKAACZroAAgBCTWFjaW50b3NoIEhEOlVzZXJzOgBiaWVzc21hbjoARHJvcGJveDoAbGl0ZXJhdHVyZToAQWdhcndhbDIwMTQucGRmAA4AIAAPAEEAZwBhAHIAdwBhAGwAMgAwADEANAAuAHAAZABmAA8AGgAMAE0AYQBjAGkAbgB0AG8AcwBoACAASABEABIAMVVzZXJzL2JpZXNzbWFuL0Ryb3Bib3gvbGl0ZXJhdHVyZS9BZ2Fyd2FsMjAxNC5wZGYAABMAAS8AABUAAgAP//8AAIAG0hscHR5aJGNsYXNzbmFtZVgkY2xhc3Nlc11OU011dGFibGVEYXRhox0fIFZOU0RhdGFYTlNPYmplY3TSGxwiI1xOU0RpY3Rpb25hcnmiIiBfEA9OU0tleWVkQXJjaGl2ZXLRJidUcm9vdIABAAgAEQAaACMALQAyADcAQABGAE0AVQBgAGcAagBsAG4AcQBzAHUAdwCEAI4AvwDEAMwCbgJwAnUCgAKJApcCmwKiAqsCsAK9AsAC0gLVAtoAAAAAAAACAQAAAAAAAAAoAAAAAAAAAAAAAAAAAAAC3A==}}

@inproceedings{Shpigelman2008,
	Author = {Lavi Shpigelman and Hagai Lalazar and Eilon Vaadia},
	Bibsource = {dblp computer science bibliography, http://dblp.org},
	Biburl = {http://dblp.uni-trier.de/rec/bib/conf/nips/ShpigelmanLV08},
	Booktitle = {Advances in Neural Information Processing Systems 21, Proceedings of the Twenty-Second Annual Conference on Neural Information Processing Systems, Vancouver, British Columbia, Canada, December 8-11, 2008},
	Crossref = {DBLP:conf/nips/2008},
	Date-Added = {2016-05-17 20:42:16 +0000},
	Date-Modified = {2016-05-17 20:42:16 +0000},
	Pages = {1489--1496},
	Timestamp = {Thu, 11 Dec 2014 17:34:08 +0100},
	Title = {Kernel-ARMA for Hand Tracking and Brain-Machine interfacing During 3D Motor Control},
	Url = {http://papers.nips.cc/paper/3607-kernel-arma-for-hand-tracking-and-brain-machine-interfacing-during-3d-motor-control},
	Year = {2008},
	Bdsk-Url-1 = {http://papers.nips.cc/paper/3607-kernel-arma-for-hand-tracking-and-brain-machine-interfacing-during-3d-motor-control}}

@article{Cybenko1989,
	Author = {G. Cybenko},
	Date-Added = {2016-01-25 19:07:41 +0000},
	Date-Modified = {2016-01-25 19:07:41 +0000},
	Journal = {Mathematics of Control, Signals, and Systems},
	Number = {4},
	Pages = {303--314},
	Title = {Approximations by superpositions of sigmoidal functions},
	Volume = {2},
	Year = {1989},
	Bdsk-File-1 = {YnBsaXN0MDDUAQIDBAUGJCVYJHZlcnNpb25YJG9iamVjdHNZJGFyY2hpdmVyVCR0b3ASAAGGoKgHCBMUFRYaIVUkbnVsbNMJCgsMDxJXTlMua2V5c1pOUy5vYmplY3RzViRjbGFzc6INDoACgAOiEBGABIAFgAdccmVsYXRpdmVQYXRoWWFsaWFzRGF0YV8QKi4uLy4uLy4uLy4uL0Ryb3Bib3gvbGl0ZXJhdHVyZS9DeWJlbmtvLnBkZtIXCxgZV05TLmRhdGFPEQGOAAAAAAGOAAIAAAxNYWNpbnRvc2ggSEQAAAAAAAAAAAAAAAAAAADP9rPjSCsAAAAWCeQLQ3liZW5rby5wZGYAAAAAAAAAAAAAAAAAAAAAAAAAAAAAAAAAAAAAAAAAAAAAAAAAAAAAAAAAAAAAAAAAAAAAATNAGdLMMN4AAAAAAAAAAAAEAAMAAAkgAAAAAAAAAAAAAAAAAAAACmxpdGVyYXR1cmUAEAAIAADP9pfDAAAAEQAIAADSzCLOAAAAAQAQABYJ5AAWCPQAB1UoAAJmugACAD5NYWNpbnRvc2ggSEQ6VXNlcnM6AGJpZXNzbWFuOgBEcm9wYm94OgBsaXRlcmF0dXJlOgBDeWJlbmtvLnBkZgAOABgACwBDAHkAYgBlAG4AawBvAC4AcABkAGYADwAaAAwATQBhAGMAaQBuAHQAbwBzAGgAIABIAEQAEgAtVXNlcnMvYmllc3NtYW4vRHJvcGJveC9saXRlcmF0dXJlL0N5YmVua28ucGRmAAATAAEvAAAVAAIAD///AACABtIbHB0eWiRjbGFzc25hbWVYJGNsYXNzZXNdTlNNdXRhYmxlRGF0YaMdHyBWTlNEYXRhWE5TT2JqZWN00hscIiNcTlNEaWN0aW9uYXJ5oiIgXxAPTlNLZXllZEFyY2hpdmVy0SYnVHJvb3SAAQAIABEAGgAjAC0AMgA3AEAARgBNAFUAYABnAGoAbABuAHEAcwB1AHcAhACOALsAwADIAloCXAJhAmwCdQKDAocCjgKXApwCqQKsAr4CwQLGAAAAAAAAAgEAAAAAAAAAKAAAAAAAAAAAAAAAAAAAAsg=}}

@inproceedings{sklearn_api,
	Author = {Lars Buitinck and Gilles Louppe and Mathieu Blondel and Fabian Pedregosa and Andreas Mueller and Olivier Grisel and Vlad Niculae and Peter Prettenhofer and Alexandre Gramfort and Jaques Grobler and Robert Layton and Jake VanderPlas and Arnaud Joly and Brian Holt and Ga{\"{e}}l Varoquaux},
	Booktitle = {ECML PKDD Workshop: Languages for Data Mining and Machine Learning},
	Date-Added = {2016-01-25 10:55:15 +0000},
	Date-Modified = {2016-01-25 10:55:15 +0000},
	Pages = {108--122},
	Title = {{API} design for machine learning software: experiences from the scikit-learn project},
	Year = {2013}}

@article{Alexandrov2014,
	Author = {Alexandrov, Alexander and Bergmann, Rico and Ewen, Stephan and Freytag, Johann-Christoph and Hueske, Fabian and Heise, Arvid and Kao, Odej and Leich, Marcus and Leser, Ulf and Markl, Volker and others},
	Journal = {The VLDB Journal---The International Journal on Very Large Data Bases},
	Number = {6},
	Pages = {939--964},
	Publisher = {Springer-Verlag New York, Inc.},
	Title = {The Stratosphere platform for big data analytics},
	Volume = {23},
	Year = {2014}}

@inproceedings{Zaharia2012,
	Author = {Zaharia, Matei and Chowdhury, Mosharaf and Das, Tathagata and Dave, Ankur and Ma, Justin and McCauley, Murphy and Franklin, Michael J and Shenker, Scott and Stoica, Ion},
	Booktitle = {Proceedings of the 9th USENIX conference on Networked Systems Design and Implementation},
	Organization = {USENIX Association},
	Pages = {2--2},
	Title = {Resilient distributed datasets: A fault-tolerant abstraction for in-memory cluster computing},
	Year = {2012}}

@inproceedings{LiangP15,
	Author = {Dawen Liang and John Paisley},
	Booktitle = {{ICML}},
	Date-Added = {2016-01-14 13:11:16 +0000},
	Date-Modified = {2016-01-25 19:14:12 +0000},
	Pages = {466--474},
	Title = {Landmarking Manifolds with Gaussian Processes},
	Year = {2015},
	Bdsk-Url-1 = {http://jmlr.org/proceedings/papers/v37/liang15.html}}

@inproceedings{WilsonN15,
	Author = {Andrew Gordon Wilson and Hannes Nickisch},
	Booktitle = {ICML},
	Date-Added = {2016-01-14 13:09:41 +0000},
	Date-Modified = {2016-01-25 19:13:58 +0000},
	Title = {Kernel Interpolation for Scalable Structured Gaussian Processes {(KISS-GP)}},
	Year = {2015},
	Bdsk-Url-1 = {http://jmlr.org/proceedings/papers/v37/wilson15.html}}

@article{Rudi2015,
	Author = {Alessandro Rudi and Raffaello Camoriano and Lorenzo Rosasco},
	Date-Added = {2016-01-14 11:46:44 +0000},
	Date-Modified = {2016-01-25 19:13:30 +0000},
	Eprint = {1507.04717},
	Month = {07},
	Title = {Less is More: Nystr{\"o}m Computational Regularization},
	Year = {2015},
	Bdsk-Url-1 = {http://arxiv.org/abs/1507.04717}}

@inproceedings{Hsieh2014,
	Author = {Cho{-}Jui Hsieh and Si Si and Inderjit S. Dhillon},
	Booktitle = {NIPS},
	Date-Added = {2016-01-14 11:45:08 +0000},
	Date-Modified = {2016-01-24 16:41:13 +0000},
	Title = {Fast Prediction for Large-Scale Kernel Machines},
	Year = {2014},
	Bdsk-File-1 = {YnBsaXN0MDDUAQIDBAUGJCVYJHZlcnNpb25YJG9iamVjdHNZJGFyY2hpdmVyVCR0b3ASAAGGoKgHCBMUFRYaIVUkbnVsbNMJCgsMDxJXTlMua2V5c1pOUy5vYmplY3RzViRjbGFzc6INDoACgAOiEBGABIAFgAdccmVsYXRpdmVQYXRoWWFsaWFzRGF0YV8QLC4uLy4uLy4uLy4uL0Ryb3Bib3gvbGl0ZXJhdHVyZS9Ic2llaDIwMTQucGRm0hcLGBlXTlMuZGF0YU8RAZYAAAAAAZYAAgAADE1hY2ludG9zaCBIRAAAAAAAAAAAAAAAAAAAAM/2s+NIKwAAABYJ5A1Ic2llaDIwMTQucGRmAAAAAAAAAAAAAAAAAAAAAAAAAAAAAAAAAAAAAAAAAAAAAAAAAAAAAAAAAAAAAAAAAAABK0Gq0r0y1wAAAAAAAAAAAAQAAwAACSAAAAAAAAAAAAAAAAAAAAAKbGl0ZXJhdHVyZQAQAAgAAM/2l8MAAAARAAgAANK9JMcAAAABABAAFgnkABYI9AAHVSgAAma6AAIAQE1hY2ludG9zaCBIRDpVc2VyczoAYmllc3NtYW46AERyb3Bib3g6AGxpdGVyYXR1cmU6AEhzaWVoMjAxNC5wZGYADgAcAA0ASABzAGkAZQBoADIAMAAxADQALgBwAGQAZgAPABoADABNAGEAYwBpAG4AdABvAHMAaAAgAEgARAASAC9Vc2Vycy9iaWVzc21hbi9Ecm9wYm94L2xpdGVyYXR1cmUvSHNpZWgyMDE0LnBkZgAAEwABLwAAFQACAA///wAAgAbSGxwdHlokY2xhc3NuYW1lWCRjbGFzc2VzXU5TTXV0YWJsZURhdGGjHR8gVk5TRGF0YVhOU09iamVjdNIbHCIjXE5TRGljdGlvbmFyeaIiIF8QD05TS2V5ZWRBcmNoaXZlctEmJ1Ryb290gAEACAARABoAIwAtADIANwBAAEYATQBVAGAAZwBqAGwAbgBxAHMAdQB3AIQAjgC9AMIAygJkAmYCawJ2An8CjQKRApgCoQKmArMCtgLIAssC0AAAAAAAAAIBAAAAAAAAACgAAAAAAAAAAAAAAAAAAALS}}

@inproceedings{Le2013,
	Author = {Quoc V. Le and Tam{\'{a}}s Sarl{\'{o}}s and Alexander J. Smola},
	Booktitle = {ICML},
	Date-Added = {2016-01-13 15:07:48 +0000},
	Date-Modified = {2016-01-25 19:15:09 +0000},
	Title = {Fastfood - Computing Hilbert Space Expansions in loglinear time},
	Year = {2013},
	Bdsk-File-1 = {YnBsaXN0MDDUAQIDBAUGJCVYJHZlcnNpb25YJG9iamVjdHNZJGFyY2hpdmVyVCR0b3ASAAGGoKgHCBMUFRYaIVUkbnVsbNMJCgsMDxJXTlMua2V5c1pOUy5vYmplY3RzViRjbGFzc6INDoACgAOiEBGABIAFgAdccmVsYXRpdmVQYXRoWWFsaWFzRGF0YV8QNy4uLy4uLy4uLy4uL0Ryb3Bib3gvbGl0ZXJhdHVyZS9MZVNhcmxvc1Ntb2xhX0lDTUwxMy5wZGbSFwsYGVdOUy5kYXRhTxEBwgAAAAABwgACAAAMTWFjaW50b3NoIEhEAAAAAAAAAAAAAAAAAAAAz/az40grAAAAFgnkGExlU2FybG9zU21vbGFfSUNNTDEzLnBkZgAAAAAAAAAAAAAAAAAAAAAAAAAAAAAAAAAAAAAAAAAAAAAAAAAAAAEqpNPSvCY/AAAAAAAAAAAABAADAAAJIAAAAAAAAAAAAAAAAAAAAApsaXRlcmF0dXJlABAACAAAz/aXwwAAABEACAAA0rwYLwAAAAEAEAAWCeQAFgj0AAdVKAACZroAAgBLTWFjaW50b3NoIEhEOlVzZXJzOgBiaWVzc21hbjoARHJvcGJveDoAbGl0ZXJhdHVyZToATGVTYXJsb3NTbW9sYV9JQ01MMTMucGRmAAAOADIAGABMAGUAUwBhAHIAbABvAHMAUwBtAG8AbABhAF8ASQBDAE0ATAAxADMALgBwAGQAZgAPABoADABNAGEAYwBpAG4AdABvAHMAaAAgAEgARAASADpVc2Vycy9iaWVzc21hbi9Ecm9wYm94L2xpdGVyYXR1cmUvTGVTYXJsb3NTbW9sYV9JQ01MMTMucGRmABMAAS8AABUAAgAP//8AAIAG0hscHR5aJGNsYXNzbmFtZVgkY2xhc3Nlc11OU011dGFibGVEYXRhox0fIFZOU0RhdGFYTlNPYmplY3TSGxwiI1xOU0RpY3Rpb25hcnmiIiBfEA9OU0tleWVkQXJjaGl2ZXLRJidUcm9vdIABAAgAEQAaACMALQAyADcAQABGAE0AVQBgAGcAagBsAG4AcQBzAHUAdwCEAI4AyADNANUCmwKdAqICrQK2AsQCyALPAtgC3QLqAu0C/wMCAwcAAAAAAAACAQAAAAAAAAAoAAAAAAAAAAAAAAAAAAADCQ==}}

@inproceedings{Lopez-Paz2014,
	Author = {David Lopez{-}Paz and Suvrit Sra and Alexander J. Smola and Zoubin Ghahramani and Bernhard Sch{\"{o}}lkopf},
	Booktitle = {ICML},
	Date-Added = {2016-01-12 17:01:11 +0000},
	Date-Modified = {2016-01-24 16:36:43 +0000},
	Pages = {1359--1367},
	Title = {Randomized Nonlinear Component Analysis},
	Year = {2014},
	Bdsk-Url-1 = {http://jmlr.org/proceedings/papers/v32/lopez-paz14.html}}

@article{Breiman2001,
	Author = {Leo Breiman},
	Biburl = {http://dblp.uni-trier.de/rec/bib/journals/ml/Breiman01},
	Date-Added = {2016-01-12 16:56:00 +0000},
	Date-Modified = {2016-01-24 16:31:51 +0000},
	Journal = {Machine Learning},
	Number = {1},
	Pages = {5--32},
	Timestamp = {Thu, 26 May 2011 15:25:18 +0200},
	Title = {Random Forests},
	Volume = {45},
	Year = {2001},
	Bdsk-File-1 = {YnBsaXN0MDDUAQIDBAUGJCVYJHZlcnNpb25YJG9iamVjdHNZJGFyY2hpdmVyVCR0b3ASAAGGoKgHCBMUFRYaIVUkbnVsbNMJCgsMDxJXTlMua2V5c1pOUy5vYmplY3RzViRjbGFzc6INDoACgAOiEBGABIAFgAdccmVsYXRpdmVQYXRoWWFsaWFzRGF0YV8QLi4uLy4uLy4uLy4uL0Ryb3Bib3gvbGl0ZXJhdHVyZS9CcmVpbWFuMjAwMS5wZGbSFwsYGVdOUy5kYXRhTxEBngAAAAABngACAAAMTWFjaW50b3NoIEhEAAAAAAAAAAAAAAAAAAAAz/az40grAAAAFgnkD0JyZWltYW4yMDAxLnBkZgAAAAAAAAAAAAAAAAAAAAAAAAAAAAAAAAAAAAAAAAAAAAAAAAAAAAAAAAAAAAAAAAEp+nnSuu4rAAAAAAAAAAAABAADAAAJIAAAAAAAAAAAAAAAAAAAAApsaXRlcmF0dXJlABAACAAAz/aXwwAAABEACAAA0rrgGwAAAAEAEAAWCeQAFgj0AAdVKAACZroAAgBCTWFjaW50b3NoIEhEOlVzZXJzOgBiaWVzc21hbjoARHJvcGJveDoAbGl0ZXJhdHVyZToAQnJlaW1hbjIwMDEucGRmAA4AIAAPAEIAcgBlAGkAbQBhAG4AMgAwADAAMQAuAHAAZABmAA8AGgAMAE0AYQBjAGkAbgB0AG8AcwBoACAASABEABIAMVVzZXJzL2JpZXNzbWFuL0Ryb3Bib3gvbGl0ZXJhdHVyZS9CcmVpbWFuMjAwMS5wZGYAABMAAS8AABUAAgAP//8AAIAG0hscHR5aJGNsYXNzbmFtZVgkY2xhc3Nlc11OU011dGFibGVEYXRhox0fIFZOU0RhdGFYTlNPYmplY3TSGxwiI1xOU0RpY3Rpb25hcnmiIiBfEA9OU0tleWVkQXJjaGl2ZXLRJidUcm9vdIABAAgAEQAaACMALQAyADcAQABGAE0AVQBgAGcAagBsAG4AcQBzAHUAdwCEAI4AvwDEAMwCbgJwAnUCgAKJApcCmwKiAqsCsAK9AsAC0gLVAtoAAAAAAAACAQAAAAAAAAAoAAAAAAAAAAAAAAAAAAAC3A==},
	Bdsk-File-2 = {YnBsaXN0MDDUAQIDBAUGJCVYJHZlcnNpb25YJG9iamVjdHNZJGFyY2hpdmVyVCR0b3ASAAGGoKgHCBMUFRYaIVUkbnVsbNMJCgsMDxJXTlMua2V5c1pOUy5vYmplY3RzViRjbGFzc6INDoACgAOiEBGABIAFgAdccmVsYXRpdmVQYXRoWWFsaWFzRGF0YV8QOC4uLy4uLy4uLy4uL0Ryb3Bib3gvbGl0ZXJhdHVyZS9icmVpbWFuX3JhbmRvbWZvcmVzdHMucGRm0hcLGBlXTlMuZGF0YU8RAcYAAAAAAcYAAgAADE1hY2ludG9zaCBIRAAAAAAAAAAAAAAAAAAAAM/2s+NIKwAAABYJ5BlicmVpbWFuX3JhbmRvbWZvcmVzdHMucGRmAAAAAAAAAAAAAAAAAAAAAAAAAAAAAAAAAAAAAAAAAAAAAAAAAAABKflz0rruDAAAAAAAAAAAAAQAAwAACSAAAAAAAAAAAAAAAAAAAAAKbGl0ZXJhdHVyZQAQAAgAAM/2l8MAAAARAAgAANK63/wAAAABABAAFgnkABYI9AAHVSgAAma6AAIATE1hY2ludG9zaCBIRDpVc2VyczoAYmllc3NtYW46AERyb3Bib3g6AGxpdGVyYXR1cmU6AGJyZWltYW5fcmFuZG9tZm9yZXN0cy5wZGYADgA0ABkAYgByAGUAaQBtAGEAbgBfAHIAYQBuAGQAbwBtAGYAbwByAGUAcwB0AHMALgBwAGQAZgAPABoADABNAGEAYwBpAG4AdABvAHMAaAAgAEgARAASADtVc2Vycy9iaWVzc21hbi9Ecm9wYm94L2xpdGVyYXR1cmUvYnJlaW1hbl9yYW5kb21mb3Jlc3RzLnBkZgAAEwABLwAAFQACAA///wAAgAbSGxwdHlokY2xhc3NuYW1lWCRjbGFzc2VzXU5TTXV0YWJsZURhdGGjHR8gVk5TRGF0YVhOU09iamVjdNIbHCIjXE5TRGljdGlvbmFyeaIiIF8QD05TS2V5ZWRBcmNoaXZlctEmJ1Ryb290gAEACAARABoAIwAtADIANwBAAEYATQBVAGAAZwBqAGwAbgBxAHMAdQB3AIQAjgDJAM4A1gKgAqICpwKyArsCyQLNAtQC3QLiAu8C8gMEAwcDDAAAAAAAAAIBAAAAAAAAACgAAAAAAAAAAAAAAAAAAAMO}}

@inproceedings{Flammarion2015,
	Author = {Nicolas Flammarion and Francis R. Bach},
	Booktitle = {{COLT}},
	Date-Added = {2016-01-12 16:22:40 +0000},
	Date-Modified = {2016-01-24 16:35:57 +0000},
	Pages = {658--695},
	Title = {From Averaging to Acceleration, There is Only a Step-size},
	Year = {2015},
	Bdsk-File-1 = {YnBsaXN0MDDUAQIDBAUGJCVYJHZlcnNpb25YJG9iamVjdHNZJGFyY2hpdmVyVCR0b3ASAAGGoKgHCBMUFRYaIVUkbnVsbNMJCgsMDxJXTlMua2V5c1pOUy5vYmplY3RzViRjbGFzc6INDoACgAOiEBGABIAFgAdccmVsYXRpdmVQYXRoWWFsaWFzRGF0YV8QMS4uLy4uLy4uLy4uL0Ryb3Bib3gvbGl0ZXJhdHVyZS9GbGFtbWFyaW9uMjAxNS5wZGbSFwsYGVdOUy5kYXRhTxEBqgAAAAABqgACAAAMTWFjaW50b3NoIEhEAAAAAAAAAAAAAAAAAAAAz/az40grAAAAFgnkEkZsYW1tYXJpb24yMDE1LnBkZgAAAAAAAAAAAAAAAAAAAAAAAAAAAAAAAAAAAAAAAAAAAAAAAAAAAAAAAAAAAAEp1ZPSutdDAAAAAAAAAAAABAADAAAJIAAAAAAAAAAAAAAAAAAAAApsaXRlcmF0dXJlABAACAAAz/aXwwAAABEACAAA0rrJMwAAAAEAEAAWCeQAFgj0AAdVKAACZroAAgBFTWFjaW50b3NoIEhEOlVzZXJzOgBiaWVzc21hbjoARHJvcGJveDoAbGl0ZXJhdHVyZToARmxhbW1hcmlvbjIwMTUucGRmAAAOACYAEgBGAGwAYQBtAG0AYQByAGkAbwBuADIAMAAxADUALgBwAGQAZgAPABoADABNAGEAYwBpAG4AdABvAHMAaAAgAEgARAASADRVc2Vycy9iaWVzc21hbi9Ecm9wYm94L2xpdGVyYXR1cmUvRmxhbW1hcmlvbjIwMTUucGRmABMAAS8AABUAAgAP//8AAIAG0hscHR5aJGNsYXNzbmFtZVgkY2xhc3Nlc11OU011dGFibGVEYXRhox0fIFZOU0RhdGFYTlNPYmplY3TSGxwiI1xOU0RpY3Rpb25hcnmiIiBfEA9OU0tleWVkQXJjaGl2ZXLRJidUcm9vdIABAAgAEQAaACMALQAyADcAQABGAE0AVQBgAGcAagBsAG4AcQBzAHUAdwCEAI4AwgDHAM8CfQJ/AoQCjwKYAqYCqgKxAroCvwLMAs8C4QLkAukAAAAAAAACAQAAAAAAAAAoAAAAAAAAAAAAAAAAAAAC6w==}}

@inproceedings{Recht2011,
	Author = {Benjamin Recht and Christopher Re and Stephen J. Wright and Feng Niu},
	Booktitle = {NIPS},
	Date-Added = {2016-01-12 15:00:33 +0000},
	Date-Modified = {2016-01-24 16:37:43 +0000},
	Title = {Hogwild: {A} Lock-Free Approach to Parallelizing Stochastic Gradient Descent},
	Year = {2011},
	Bdsk-Url-1 = {http://papers.nips.cc/paper/4390-hogwild-a-lock-free-approach-to-parallelizing-stochastic-gradient-descent}}

@inproceedings{Caruana2006,
	Abstract = {A number of supervised learning methods have been introduced in the last decade. Unfortunately, the last comprehensive empirical evaluation of supervised learning was the Statlog Project in the early 90's. We present a large-scale empirical comparison between ten supervised learning methods: SVMs, neural nets, logistic regression, naive bayes, memory-based learning, random forests, decision trees, bagged trees, boosted trees, and boosted stumps. We also examine the effect that calibrating the models via Platt Scaling and Isotonic Regression has on their performance. An important aspect of our study is the use of a variety of performance criteria to evaluate the learning methods.},
	Author = {Rich Caruana and Alexandru Niculescu{-}Mizil},
	Booktitle = {Proceedings of the ICML},
	Date-Added = {2016-01-12 10:15:58 +0000},
	Date-Modified = {2016-01-24 16:32:59 +0000},
	Pages = {161--168},
	Title = {An empirical comparison of supervised learning algorithms},
	Year = {2006},
	Bdsk-File-1 = {YnBsaXN0MDDUAQIDBAUGJCVYJHZlcnNpb25YJG9iamVjdHNZJGFyY2hpdmVyVCR0b3ASAAGGoKgHCBMUFRYaIVUkbnVsbNMJCgsMDxJXTlMua2V5c1pOUy5vYmplY3RzViRjbGFzc6INDoACgAOiEBGABIAFgAdccmVsYXRpdmVQYXRoWWFsaWFzRGF0YV8QLi4uLy4uLy4uLy4uL0Ryb3Bib3gvbGl0ZXJhdHVyZS9DYXJ1YW5hMjAwNi5wZGbSFwsYGVdOUy5kYXRhTxEBngAAAAABngACAAAMTWFjaW50b3NoIEhEAAAAAAAAAAAAAAAAAAAAz/az40grAAAAFgnkD0NhcnVhbmEyMDA2LnBkZgAAAAAAAAAAAAAAAAAAAAAAAAAAAAAAAAAAAAAAAAAAAAAAAAAAAAAAAAAAAAAAAAIrRUjSupEBAAAAAAAAAAAABAADAAAJIAAAAAAAAAAAAAAAAAAAAApsaXRlcmF0dXJlABAACAAAz/aXwwAAABEACAAA0rqC8QAAAAEAEAAWCeQAFgj0AAdVKAACZroAAgBCTWFjaW50b3NoIEhEOlVzZXJzOgBiaWVzc21hbjoARHJvcGJveDoAbGl0ZXJhdHVyZToAQ2FydWFuYTIwMDYucGRmAA4AIAAPAEMAYQByAHUAYQBuAGEAMgAwADAANgAuAHAAZABmAA8AGgAMAE0AYQBjAGkAbgB0AG8AcwBoACAASABEABIAMVVzZXJzL2JpZXNzbWFuL0Ryb3Bib3gvbGl0ZXJhdHVyZS9DYXJ1YW5hMjAwNi5wZGYAABMAAS8AABUAAgAP//8AAIAG0hscHR5aJGNsYXNzbmFtZVgkY2xhc3Nlc11OU011dGFibGVEYXRhox0fIFZOU0RhdGFYTlNPYmplY3TSGxwiI1xOU0RpY3Rpb25hcnmiIiBfEA9OU0tleWVkQXJjaGl2ZXLRJidUcm9vdIABAAgAEQAaACMALQAyADcAQABGAE0AVQBgAGcAagBsAG4AcQBzAHUAdwCEAI4AvwDEAMwCbgJwAnUCgAKJApcCmwKiAqsCsAK9AsAC0gLVAtoAAAAAAAACAQAAAAAAAAAoAAAAAAAAAAAAAAAAAAAC3A==},
	Bdsk-Url-1 = {http://dx.doi.org/10.1145/1143844.1143865}}

@proceedings{DBLP:conf/icml/2006,
	Bibsource = {dblp computer science bibliography, http://dblp.org},
	Biburl = {http://dblp.uni-trier.de/rec/bib/conf/icml/2006},
	Date-Added = {2016-01-12 10:15:58 +0000},
	Date-Modified = {2016-01-12 10:15:58 +0000},
	Editor = {William W. Cohen and Andrew Moore},
	Isbn = {1-59593-383-2},
	Publisher = {{ACM}},
	Series = {{ACM} International Conference Proceeding Series},
	Timestamp = {Mon, 22 Oct 2007 13:47:35 +0200},
	Title = {Machine Learning, Proceedings of the Twenty-Third International Conference {(ICML} 2006), Pittsburgh, Pennsylvania, USA, June 25-29, 2006},
	Volume = {148},
	Year = {2006}}

@inproceedings{Vedaldi2010,
	Author = {Andrea Vedaldi and Andrew Zisserman},
	Booktitle = {CVPR},
	Date-Added = {2016-01-11 15:07:06 +0000},
	Date-Modified = {2016-01-24 16:38:20 +0000},
	Timestamp = {Tue, 25 Nov 2014 17:05:17 +0100},
	Title = {Efficient additive kernels via explicit feature maps},
	Year = {2010},
	Bdsk-File-1 = {YnBsaXN0MDDUAQIDBAUGJCVYJHZlcnNpb25YJG9iamVjdHNZJGFyY2hpdmVyVCR0b3ASAAGGoKgHCBMUFRYaIVUkbnVsbNMJCgsMDxJXTlMua2V5c1pOUy5vYmplY3RzViRjbGFzc6INDoACgAOiEBGABIAFgAdccmVsYXRpdmVQYXRoWWFsaWFzRGF0YV8QLi4uLy4uLy4uLy4uL0Ryb3Bib3gvbGl0ZXJhdHVyZS9WZWRhbGRpMjAxMC5wZGbSFwsYGVdOUy5kYXRhTxEBngAAAAABngACAAAMTWFjaW50b3NoIEhEAAAAAAAAAAAAAAAAAAAAz/az40grAAAAFgnkD1ZlZGFsZGkyMDEwLnBkZgAAAAAAAAAAAAAAAAAAAAAAAAAAAAAAAAAAAAAAAAAAAAAAAAAAAAAAAAAAAAAAAAB0L+HQ/8Y/AAAAAAAAAAAABAADAAAJIAAAAAAAAAAAAAAAAAAAAApsaXRlcmF0dXJlABAACAAAz/aXwwAAABEACAAA0P+4LwAAAAEAEAAWCeQAFgj0AAdVKAACZroAAgBCTWFjaW50b3NoIEhEOlVzZXJzOgBiaWVzc21hbjoARHJvcGJveDoAbGl0ZXJhdHVyZToAVmVkYWxkaTIwMTAucGRmAA4AIAAPAFYAZQBkAGEAbABkAGkAMgAwADEAMAAuAHAAZABmAA8AGgAMAE0AYQBjAGkAbgB0AG8AcwBoACAASABEABIAMVVzZXJzL2JpZXNzbWFuL0Ryb3Bib3gvbGl0ZXJhdHVyZS9WZWRhbGRpMjAxMC5wZGYAABMAAS8AABUAAgAP//8AAIAG0hscHR5aJGNsYXNzbmFtZVgkY2xhc3Nlc11OU011dGFibGVEYXRhox0fIFZOU0RhdGFYTlNPYmplY3TSGxwiI1xOU0RpY3Rpb25hcnmiIiBfEA9OU0tleWVkQXJjaGl2ZXLRJidUcm9vdIABAAgAEQAaACMALQAyADcAQABGAE0AVQBgAGcAagBsAG4AcQBzAHUAdwCEAI4AvwDEAMwCbgJwAnUCgAKJApcCmwKiAqsCsAK9AsAC0gLVAtoAAAAAAAACAQAAAAAAAAAoAAAAAAAAAAAAAAAAAAAC3A==}}

@proceedings{DBLP:conf/cvpr/2010,
	Bibsource = {dblp computer science bibliography, http://dblp.org},
	Biburl = {http://dblp.uni-trier.de/rec/bib/conf/cvpr/2010},
	Date-Added = {2016-01-11 15:07:06 +0000},
	Date-Modified = {2016-01-11 15:07:06 +0000},
	Isbn = {978-1-4244-6984-0},
	Publisher = {{IEEE} Computer Society},
	Timestamp = {Tue, 25 Nov 2014 17:05:17 +0100},
	Title = {The Twenty-Third {IEEE} Conference on Computer Vision and Pattern Recognition, {CVPR} 2010, San Francisco, CA, USA, 13-18 June 2010},
	Url = {http://ieeexplore.ieee.org/xpl/mostRecentIssue.jsp?punumber=5521876},
	Year = {2010},
	Bdsk-Url-1 = {http://ieeexplore.ieee.org/xpl/mostRecentIssue.jsp?punumber=5521876}}

@article{Vedaldi2012,
	Author = {Andrea Vedaldi and Andrew Zisserman},
	Bibsource = {dblp computer science bibliography, http://dblp.org},
	Biburl = {http://dblp.uni-trier.de/rec/bib/journals/pami/VedaldiZ12},
	Date-Added = {2016-01-11 15:06:04 +0000},
	Date-Modified = {2016-01-11 15:06:17 +0000},
	Doi = {10.1109/TPAMI.2011.153},
	Journal = {{IEEE} Trans. Pattern Anal. Mach. Intell.},
	Number = {3},
	Pages = {480--492},
	Timestamp = {Fri, 27 Jan 2012 09:21:19 +0100},
	Title = {Efficient Additive Kernels via Explicit Feature Maps},
	Url = {http://doi.ieeecomputersociety.org/10.1109/TPAMI.2011.153},
	Volume = {34},
	Year = {2012},
	Bdsk-File-1 = {YnBsaXN0MDDUAQIDBAUGJCVYJHZlcnNpb25YJG9iamVjdHNZJGFyY2hpdmVyVCR0b3ASAAGGoKgHCBMUFRYaIVUkbnVsbNMJCgsMDxJXTlMua2V5c1pOUy5vYmplY3RzViRjbGFzc6INDoACgAOiEBGABIAFgAdccmVsYXRpdmVQYXRoWWFsaWFzRGF0YV8QLi4uLy4uLy4uLy4uL0Ryb3Bib3gvbGl0ZXJhdHVyZS9WZWRhbGRpMjAxMi5wZGbSFwsYGVdOUy5kYXRhTxEBngAAAAABngACAAAMTWFjaW50b3NoIEhEAAAAAAAAAAAAAAAAAAAAz/az40grAAAAFgnkD1ZlZGFsZGkyMDEyLnBkZgAAAAAAAAAAAAAAAAAAAAAAAAAAAAAAAAAAAAAAAAAAAAAAAAAAAAAAAAAAAAAAAAEpWhHSuYOFAAAAAAAAAAAABAADAAAJIAAAAAAAAAAAAAAAAAAAAApsaXRlcmF0dXJlABAACAAAz/aXwwAAABEACAAA0rl1dQAAAAEAEAAWCeQAFgj0AAdVKAACZroAAgBCTWFjaW50b3NoIEhEOlVzZXJzOgBiaWVzc21hbjoARHJvcGJveDoAbGl0ZXJhdHVyZToAVmVkYWxkaTIwMTIucGRmAA4AIAAPAFYAZQBkAGEAbABkAGkAMgAwADEAMgAuAHAAZABmAA8AGgAMAE0AYQBjAGkAbgB0AG8AcwBoACAASABEABIAMVVzZXJzL2JpZXNzbWFuL0Ryb3Bib3gvbGl0ZXJhdHVyZS9WZWRhbGRpMjAxMi5wZGYAABMAAS8AABUAAgAP//8AAIAG0hscHR5aJGNsYXNzbmFtZVgkY2xhc3Nlc11OU011dGFibGVEYXRhox0fIFZOU0RhdGFYTlNPYmplY3TSGxwiI1xOU0RpY3Rpb25hcnmiIiBfEA9OU0tleWVkQXJjaGl2ZXLRJidUcm9vdIABAAgAEQAaACMALQAyADcAQABGAE0AVQBgAGcAagBsAG4AcQBzAHUAdwCEAI4AvwDEAMwCbgJwAnUCgAKJApcCmwKiAqsCsAK9AsAC0gLVAtoAAAAAAAACAQAAAAAAAAAoAAAAAAAAAAAAAAAAAAAC3A==},
	Bdsk-Url-1 = {http://dx.doi.org/10.1109/TPAMI.2011.153}}

@incollection{Yang2012,
	Author = {Yang, Tianbao and Li, Yu-feng and Mahdavi, Mehrdad and Jin, Rong and Zhou, Zhi-Hua},
	Booktitle = {NIPS},
	Date-Added = {2016-01-11 13:26:22 +0000},
	Date-Modified = {2016-01-24 16:39:16 +0000},
	Title = {Nystr\"{o}m Method vs Random Fourier Features: A Theoretical and Empirical Comparison},
	Year = {2012},
	Bdsk-Url-1 = {http://papers.nips.cc/paper/4588-nystrom-method-vs-random-fourier-features-a-theoretical-and-empirical-comparison.pdf}}

@article{Dai2014,
	Abstract = {The general perception is that kernel methods are not scalable, and neural nets are the methods of choice for nonlinear learning problems. Or have we simply not tried hard enough for kernel methods? Here we propose an approach that scales up kernel methods using a novel concept called "doubly stochastic functional gradients". Our approach relies on the fact that many kernel methods can be expressed as convex optimization problems, and we solve the problems by making two unbiased stochastic approximations to the functional gradient, one using random training points and another using random functions associated with the kernel, and then descending using this noisy functional gradient. We show that a function produced by this procedure after $t$ iterations converges to the optimal function in the reproducing kernel Hilbert space in rate $O(1/t)$, and achieves a generalization performance of $O(1/\sqrt{t})$. This doubly stochasticity also allows us to avoid keeping the support vectors and to implement the algorithm in a small memory footprint, which is linear in number of iterations and independent of data dimension. Our approach can readily scale kernel methods up to the regimes which are dominated by neural nets. We show that our method can achieve competitive performance to neural nets in datasets such as 8 million handwritten digits from MNIST, 2.3 million energy materials from MolecularSpace, and 1 million photos from ImageNet.},
	Author = {Bo Dai and Bo Xie and Niao He and Yingyu Liang and Anant Raj and Maria-Florina Balcan and Le Song},
	Date-Added = {2016-01-07 09:17:46 +0000},
	Date-Modified = {2016-01-24 16:34:40 +0000},
	Journal = {NIPS},
	Title = {Scalable Kernel Methods via Doubly Stochastic Gradients},
	Year = {2014},
	Bdsk-File-1 = {YnBsaXN0MDDUAQIDBAUGJCVYJHZlcnNpb25YJG9iamVjdHNZJGFyY2hpdmVyVCR0b3ASAAGGoKgHCBMUFRYaIVUkbnVsbNMJCgsMDxJXTlMua2V5c1pOUy5vYmplY3RzViRjbGFzc6INDoACgAOiEBGABIAFgAdccmVsYXRpdmVQYXRoWWFsaWFzRGF0YV8QKi4uLy4uLy4uLy4uL0Ryb3Bib3gvbGl0ZXJhdHVyZS9EYWkyMDE0LnBkZtIXCxgZV05TLmRhdGFPEQGOAAAAAAGOAAIAAAxNYWNpbnRvc2ggSEQAAAAAAAAAAAAAAAAAAADP9rPjSCsAAAAWCeQLRGFpMjAxNC5wZGYAAAAAAAAAAAAAAAAAAAAAAAAAAAAAAAAAAAAAAAAAAAAAAAAAAAAAAAAAAAAAAAAAAAAAASmbP9Kz7AcAAAAAAAAAAAAEAAMAAAkgAAAAAAAAAAAAAAAAAAAACmxpdGVyYXR1cmUAEAAIAADP9pfDAAAAEQAIAADSs933AAAAAQAQABYJ5AAWCPQAB1UoAAJmugACAD5NYWNpbnRvc2ggSEQ6VXNlcnM6AGJpZXNzbWFuOgBEcm9wYm94OgBsaXRlcmF0dXJlOgBEYWkyMDE0LnBkZgAOABgACwBEAGEAaQAyADAAMQA0AC4AcABkAGYADwAaAAwATQBhAGMAaQBuAHQAbwBzAGgAIABIAEQAEgAtVXNlcnMvYmllc3NtYW4vRHJvcGJveC9saXRlcmF0dXJlL0RhaTIwMTQucGRmAAATAAEvAAAVAAIAD///AACABtIbHB0eWiRjbGFzc25hbWVYJGNsYXNzZXNdTlNNdXRhYmxlRGF0YaMdHyBWTlNEYXRhWE5TT2JqZWN00hscIiNcTlNEaWN0aW9uYXJ5oiIgXxAPTlNLZXllZEFyY2hpdmVy0SYnVHJvb3SAAQAIABEAGgAjAC0AMgA3AEAARgBNAFUAYABnAGoAbABuAHEAcwB1AHcAhACOALsAwADIAloCXAJhAmwCdQKDAocCjgKXApwCqQKsAr4CwQLGAAAAAAAAAgEAAAAAAAAAKAAAAAAAAAAAAAAAAAAAAsg=}}

@inproceedings{Deisenroth2015,
	Abstract = {To scale Gaussian processes (GPs) to large data sets we introduce the robust Bayesian Committee Machine (rBCM), a practical and scalable product-of-experts model for large-scale distributed GP regression. Unlike state-of-the-art sparse GP approximations, the rBCM is conceptually simple and does not rely on inducing or variational parameters. The key idea is to recursively distribute computations to independent computational units and, subsequently, recombine them to form an overall result. Efficient closed-form inference allows for straightforward parallelisation and distributed computations with a small memory footprint. The rBCM is independent of the computational graph and can be used on heterogeneous computing infrastructures, ranging from laptops to clusters. With sufficient computing resources our distributed GP model can handle arbitrarily large data sets.},
	Author = {Marc Peter Deisenroth and Jun Wei Ng},
	Booktitle = {ICML},
	Date-Added = {2016-01-06 19:06:36 +0000},
	Date-Modified = {2016-01-24 16:35:44 +0000},
	Title = {Distributed Gaussian Processes},
	Year = {2015},
	Bdsk-Url-1 = {http://arxiv.org/abs/1502.02843}}

@inproceedings{Williams2000,
	Author = {Christopher K. I. Williams and Matthias Seeger},
	Booktitle = {NIPS},
	Date-Added = {2016-01-06 19:01:09 +0000},
	Date-Modified = {2016-01-24 16:38:31 +0000},
	Title = {Using the Nystr{\"{o}}m Method to Speed Up Kernel Machines},
	Year = {2000},
	Bdsk-File-1 = {YnBsaXN0MDDUAQIDBAUGJCVYJHZlcnNpb25YJG9iamVjdHNZJGFyY2hpdmVyVCR0b3ASAAGGoKgHCBMUFRYaIVUkbnVsbNMJCgsMDxJXTlMua2V5c1pOUy5vYmplY3RzViRjbGFzc6INDoACgAOiEBGABIAFgAdccmVsYXRpdmVQYXRoWWFsaWFzRGF0YV8QLy4uLy4uLy4uLy4uL0Ryb3Bib3gvbGl0ZXJhdHVyZS9XaWxsaWFtczIwMDAucGRm0hcLGBlXTlMuZGF0YU8RAaIAAAAAAaIAAgAADE1hY2ludG9zaCBIRAAAAAAAAAAAAAAAAAAAAM/2s+NIKwAAABYJ5BBXaWxsaWFtczIwMDAucGRmAAAAAAAAAAAAAAAAAAAAAAAAAAAAAAAAAAAAAAAAAAAAAAAAAAAAAAAAAAAAAAABK0yK0r1F8wAAAAAAAAAAAAQAAwAACSAAAAAAAAAAAAAAAAAAAAAKbGl0ZXJhdHVyZQAQAAgAAM/2l8MAAAARAAgAANK9N+MAAAABABAAFgnkABYI9AAHVSgAAma6AAIAQ01hY2ludG9zaCBIRDpVc2VyczoAYmllc3NtYW46AERyb3Bib3g6AGxpdGVyYXR1cmU6AFdpbGxpYW1zMjAwMC5wZGYAAA4AIgAQAFcAaQBsAGwAaQBhAG0AcwAyADAAMAAwAC4AcABkAGYADwAaAAwATQBhAGMAaQBuAHQAbwBzAGgAIABIAEQAEgAyVXNlcnMvYmllc3NtYW4vRHJvcGJveC9saXRlcmF0dXJlL1dpbGxpYW1zMjAwMC5wZGYAEwABLwAAFQACAA///wAAgAbSGxwdHlokY2xhc3NuYW1lWCRjbGFzc2VzXU5TTXV0YWJsZURhdGGjHR8gVk5TRGF0YVhOU09iamVjdNIbHCIjXE5TRGljdGlvbmFyeaIiIF8QD05TS2V5ZWRBcmNoaXZlctEmJ1Ryb290gAEACAARABoAIwAtADIANwBAAEYATQBVAGAAZwBqAGwAbgBxAHMAdQB3AIQAjgDAAMUAzQJzAnUCegKFAo4CnAKgAqcCsAK1AsICxQLXAtoC3wAAAAAAAAIBAAAAAAAAACgAAAAAAAAAAAAAAAAAAALh}}

@article{Lu2014,
	Author = {Zhiyun Lu and Avner May and Kuan Liu and Alireza Bagheri Garakani and Dong Guo and Aur{\'{e}}lien Bellet and Linxi Fan and Michael Collins and Brian Kingsbury and Michael Picheny and Fei Sha},
	Date-Added = {2016-01-06 18:59:54 +0000},
	Date-Modified = {2016-01-25 19:15:30 +0000},
	Journal = {CoRR},
	Title = {How to Scale Up Kernel Methods to Be As Good As Deep Neural Nets},
	Volume = {abs/1411.4000},
	Year = {2014},
	Bdsk-Url-1 = {http://arxiv.org/abs/1411.4000}}

@inbook{Legendre1805,
	Author = {Adrien-Marie Legendre},
	Chapter = {Sur la methode des moindres quarres},
	Date-Added = {2016-01-06 16:53:14 +0000},
	Date-Modified = {2016-01-06 16:53:14 +0000},
	Publisher = {Firmin Didot},
	Title = {Nouvelles m{\'e}thodes pour la d{\'e}termination des orbites des com{\`e}tes},
	Year = {1805}}

@techreport{gauss_leastsquares,
	Author = {Carl Friedrich Gau{\ss}},
	Date-Added = {2016-01-06 16:53:14 +0000},
	Date-Modified = {2016-01-06 16:53:14 +0000},
	Institution = {University of G\"ottingen},
	Title = {Theoria Motus Corporum Coelestium in sectionibus conicis solem ambientium},
	Year = {1809}}

@article{Tikhonov1943,
	Author = {Andrey Nikolayevich Tychonoff},
	Date-Added = {2016-01-06 16:52:50 +0000},
	Date-Modified = {2016-01-06 16:52:50 +0000},
	Journal = {Doklady Akademii Nauk SSSR},
	Number = {5},
	Pages = {195--198},
	Title = {On the stability of inverse problems},
	Volume = {39},
	Year = {1943}}

@inproceedings{bottou-2010,
	Author = {Bottou, L\'{e}on},
	Booktitle = {Proceedings of the 19th International Conference on Computational Statistics (COMPSTAT'2010)},
	Date-Added = {2016-01-06 15:37:57 +0000},
	Date-Modified = {2016-01-06 15:37:57 +0000},
	Pages = {177--187},
	Publisher = {Springer},
	Title = {Large-Scale Machine Learning with Stochastic Gradient Descent},
	Year = {2010}}

@article{Hofmann2008,
	Author = {Thomas Hofmann and Bernhard Sch\"olkopf and Alex J. Smola},
	Date-Added = {2016-01-06 15:37:18 +0000},
	Date-Modified = {2016-01-06 15:37:18 +0000},
	Journal = {Annals of Statistics},
	Number = {3},
	Pages = {1171--1220},
	Title = {Kernel Methods in Machine Learning},
	Volume = {36},
	Year = {2008},
	Bdsk-File-1 = {YnBsaXN0MDDUAQIDBAUGJCVYJHZlcnNpb25YJG9iamVjdHNZJGFyY2hpdmVyVCR0b3ASAAGGoKgHCBMUFRYaIVUkbnVsbNMJCgsMDxJXTlMua2V5c1pOUy5vYmplY3RzViRjbGFzc6INDoACgAOiEBGABIAFgAdccmVsYXRpdmVQYXRoWWFsaWFzRGF0YV8QLy4uLy4uLy4uLy4uL0Ryb3Bib3gvbGl0ZXJhdHVyZS9Ib2ZmbWFubjIwMDgucGRm0hcLGBlXTlMuZGF0YU8RAaIAAAAAAaIAAgAADE1hY2ludG9zaCBIRAAAAAAAAAAAAAAAAAAAAM/2s+NIKwAAABYJ5BBIb2ZmbWFubjIwMDgucGRmAAAAAAAAAAAAAAAAAAAAAAAAAAAAAAAAAAAAAAAAAAAAAAAAAAAAAAAAAAAAAAABKm670rvmOgAAAAAAAAAAAAQAAwAACSAAAAAAAAAAAAAAAAAAAAAKbGl0ZXJhdHVyZQAQAAgAAM/2l8MAAAARAAgAANK72CoAAAABABAAFgnkABYI9AAHVSgAAma6AAIAQ01hY2ludG9zaCBIRDpVc2VyczoAYmllc3NtYW46AERyb3Bib3g6AGxpdGVyYXR1cmU6AEhvZmZtYW5uMjAwOC5wZGYAAA4AIgAQAEgAbwBmAGYAbQBhAG4AbgAyADAAMAA4AC4AcABkAGYADwAaAAwATQBhAGMAaQBuAHQAbwBzAGgAIABIAEQAEgAyVXNlcnMvYmllc3NtYW4vRHJvcGJveC9saXRlcmF0dXJlL0hvZmZtYW5uMjAwOC5wZGYAEwABLwAAFQACAA///wAAgAbSGxwdHlokY2xhc3NuYW1lWCRjbGFzc2VzXU5TTXV0YWJsZURhdGGjHR8gVk5TRGF0YVhOU09iamVjdNIbHCIjXE5TRGljdGlvbmFyeaIiIF8QD05TS2V5ZWRBcmNoaXZlctEmJ1Ryb290gAEACAARABoAIwAtADIANwBAAEYATQBVAGAAZwBqAGwAbgBxAHMAdQB3AIQAjgDAAMUAzQJzAnUCegKFAo4CnAKgAqcCsAK1AsICxQLXAtoC3wAAAAAAAAIBAAAAAAAAACgAAAAAAAAAAAAAAAAAAALh}}

@article{Borgwardt:2007p13941,
	Author = {Karsten Michael Borgwardt},
	Date-Added = {2016-01-06 15:37:09 +0000},
	Date-Modified = {2016-01-06 15:37:09 +0000},
	Journal = {PhD Thesis},
	Local-Url = {file://localhost/Users/felix/Documents/Papers/2007/Borgwardt/Borgwardt_2007_PhD%20Thesis.pdf},
	Rating = {0},
	Title = {Graph Kernels},
	Uri = {papers://F5452AA1-302D-4DDE-92F3-F457C1710B27/Paper/p13941},
	Year = {2007},
	Bdsk-File-1 = {YnBsaXN0MDDUAQIDBAUGJCVYJHZlcnNpb25YJG9iamVjdHNZJGFyY2hpdmVyVCR0b3ASAAGGoKgHCBMUFRYaIVUkbnVsbNMJCgsMDxJXTlMua2V5c1pOUy5vYmplY3RzViRjbGFzc6INDoACgAOiEBGABIAFgAdccmVsYXRpdmVQYXRoWWFsaWFzRGF0YV8QOS4uLy4uL1BhcGVycy8yMDA3L0Jvcmd3YXJkdC9Cb3Jnd2FyZHRfMjAwN19QaEQgVGhlc2lzLnBkZtIXCxgZV05TLmRhdGFPEQH0AAAAAAH0AAIAAAxNYWNpbnRvc2ggSEQAAAAAAAAAAAAAAAAAAADNyRVKSCsAAAAWQMgdQm9yZ3dhcmR0XzIwMDdfUGhEIFRoZXNpcy5wZGYAAAAAAAAAAAAAAAAAAAAAAAAAAAAAAAAAAAAAAAAAAAAAABZAycomqVwAAAAAAAAAAAACAAQAAAkgAAAAAAAAAAAAAAAAAAAACUJvcmd3YXJkdAAAEAAIAADNyPkqAAAAEQAIAADKJo08AAAAAQAYABZAyAAWQLgAFjq7AAXASQAFwEgAAhIpAAIAXE1hY2ludG9zaCBIRDpVc2VyczoAZmVsaXg6AERvY3VtZW50czoAUGFwZXJzOgAyMDA3OgBCb3Jnd2FyZHQ6AEJvcmd3YXJkdF8yMDA3X1BoRCBUaGVzaXMucGRmAA4APAAdAEIAbwByAGcAdwBhAHIAZAB0AF8AMgAwADAANwBfAFAAaABEACAAVABoAGUAcwBpAHMALgBwAGQAZgAPABoADABNAGEAYwBpAG4AdABvAHMAaAAgAEgARAASAElVc2Vycy9mZWxpeC9Eb2N1bWVudHMvUGFwZXJzLzIwMDcvQm9yZ3dhcmR0L0Jvcmd3YXJkdF8yMDA3X1BoRCBUaGVzaXMucGRmAAATAAEvAAAVAAIADP//AACABtIbHB0eWiRjbGFzc25hbWVYJGNsYXNzZXNdTlNNdXRhYmxlRGF0YaMdHyBWTlNEYXRhWE5TT2JqZWN00hscIiNcTlNEaWN0aW9uYXJ5oiIgXxAPTlNLZXllZEFyY2hpdmVy0SYnVHJvb3SAAQAIABEAGgAjAC0AMgA3AEAARgBNAFUAYABnAGoAbABuAHEAcwB1AHcAhACOAMoAzwDXAs8C0QLWAuEC6gL4AvwDAwMMAxEDHgMhAzMDNgM7AAAAAAAAAgEAAAAAAAAAKAAAAAAAAAAAAAAAAAAAAz0=}}

@book{RasWil05,
	Author = {Carl Rasmussen and C.K.I.~Williams},
	Date-Added = {2016-01-06 15:37:06 +0000},
	Date-Modified = {2016-01-06 15:37:06 +0000},
	Journal = {Book},
	Local-Url = {file://localhost/Users/felix/Documents/Papers/2005/Rasmussen/Rasmussen_2005_Book.pdf},
	Publisher = {MIT Press},
	Rating = {0},
	Read = {Yes},
	Title = {Gaussian Processes for Machine Learning},
	Uri = {papers://F5452AA1-302D-4DDE-92F3-F457C1710B27/Paper/p3602},
	Year = {2005},
	Bdsk-File-1 = {YnBsaXN0MDDUAQIDBAUGJCVYJHZlcnNpb25YJG9iamVjdHNZJGFyY2hpdmVyVCR0b3ASAAGGoKgHCBMUFRYaIVUkbnVsbNMJCgsMDxJXTlMua2V5c1pOUy5vYmplY3RzViRjbGFzc6INDoACgAOiEBGABIAFgAdccmVsYXRpdmVQYXRoWWFsaWFzRGF0YV8QMy4uLy4uL1BhcGVycy8yMDA1L1Jhc211c3Nlbi9SYXNtdXNzZW5fMjAwNV9Cb29rLnBkZtIXCxgZV05TLmRhdGFPEQHcAAAAAAHcAAIAAAxNYWNpbnRvc2ggSEQAAAAAAAAAAAAAAAAAAADNyRVKSCsAAAAWQAIXUmFzbXVzc2VuXzIwMDVfQm9vay5wZGYAAAAAAAAAAAAAAAAAAAAAAAAAAAAAAAAAAAAAAAAAAAAAAAAAAAAAABZAA8hKqGwAAAAAAAAAAAACAAQAAAkgAAAAAAAAAAAAAAAAAAAACVJhc211c3NlbgAAEAAIAADNyPkqAAAAEQAIAADISoxMAAAAAQAYABZAAgAWP6AAFjq7AAXASQAFwEgAAhIpAAIAVk1hY2ludG9zaCBIRDpVc2VyczoAZmVsaXg6AERvY3VtZW50czoAUGFwZXJzOgAyMDA1OgBSYXNtdXNzZW46AFJhc211c3Nlbl8yMDA1X0Jvb2sucGRmAA4AMAAXAFIAYQBzAG0AdQBzAHMAZQBuAF8AMgAwADAANQBfAEIAbwBvAGsALgBwAGQAZgAPABoADABNAGEAYwBpAG4AdABvAHMAaAAgAEgARAASAENVc2Vycy9mZWxpeC9Eb2N1bWVudHMvUGFwZXJzLzIwMDUvUmFzbXVzc2VuL1Jhc211c3Nlbl8yMDA1X0Jvb2sucGRmAAATAAEvAAAVAAIADP//AACABtIbHB0eWiRjbGFzc25hbWVYJGNsYXNzZXNdTlNNdXRhYmxlRGF0YaMdHyBWTlNEYXRhWE5TT2JqZWN00hscIiNcTlNEaWN0aW9uYXJ5oiIgXxAPTlNLZXllZEFyY2hpdmVy0SYnVHJvb3SAAQAIABEAGgAjAC0AMgA3AEAARgBNAFUAYABnAGoAbABuAHEAcwB1AHcAhACOAMQAyQDRArECswK4AsMCzALaAt4C5QLuAvMDAAMDAxUDGAMdAAAAAAAAAgEAAAAAAAAAKAAAAAAAAAAAAAAAAAAAAx8=}}

@article{Muller:2001p2592,
	Abstract = {This paper provides an introduction to support vector machines, kernel Fisher discriminant analysis, and kernel principal component analysis, as examples for successful kernel-based learning methods. We first give a short background about Vapnik-Chervonenkis theory and kernel feature spaces and then proceed to kernel based learning in supervised and unsupervised scenarios including practical and algorithmic considerations. We illustrate the usefulness of kernel algorithms by discussing applications such as optical character recognition and DNA analysis.},
	Author = {Klaus-Robert M{\"u}ller and Sebastian Mika and G Ratsch and K Tsuda and B Bernhard Sch{\"o}lkopf},
	Date-Added = {2016-01-06 15:36:55 +0000},
	Date-Modified = {2016-01-24 16:31:40 +0000},
	Journal = {IEEE Transactions on Neural Networks},
	Number = {2},
	Pages = {181--201},
	Rating = {0},
	Read = {Yes},
	Title = {An introduction to kernel-based learning algorithms},
	Volume = {12},
	Year = {2001},
	Bdsk-File-1 = {YnBsaXN0MDDUAQIDBAUGJCVYJHZlcnNpb25YJG9iamVjdHNZJGFyY2hpdmVyVCR0b3ASAAGGoKgHCBMUFRYaIVUkbnVsbNMJCgsMDxJXTlMua2V5c1pOUy5vYmplY3RzViRjbGFzc6INDoACgAOiEBGABIAFgAdccmVsYXRpdmVQYXRoWWFsaWFzRGF0YV8QVS4uLy4uL1BhcGVycy8yMDAxL017ICJ1fWxsZXIvTXsgInV9bGxlcl8yMDAxX0lFRUUgVHJhbnNhY3Rpb25zIG9uIE5ldXJhbCBOZXR3b3Jrcy5wZGbSFwsYGVdOUy5kYXRhTxECSgAAAAACSgACAAAMTWFjaW50b3NoIEhEAAAAAAAAAAAAAAAAAAAAzckVSkgrAAAAFj4uH017ICJ1fWxsZXJfMjAwMV9JRUVFIzE2M0UyRi5wZGYAAAAAAAAAAAAAAAAAAAAAAAAAAAAAAAAAAAAAAAAAAAAWPi/FsKcwAAAAAAAAAAAAAgAEAAAJIAAAAAAAAAAAAAAAAAAAAApNeyAidX1sbGVyABAACAAAzcj5KgAAABEACAAAxbCZIAAAAAEAGAAWPi4AFj3zABY6uwAFwEkABcBIAAISKQACAF9NYWNpbnRvc2ggSEQ6VXNlcnM6AGZlbGl4OgBEb2N1bWVudHM6AFBhcGVyczoAMjAwMToATXsgInV9bGxlcjoATXsgInV9bGxlcl8yMDAxX0lFRUUjMTYzRTJGLnBkZgAADgByADgATQB7ACAAIgB1AH0AbABsAGUAcgBfADIAMAAwADEAXwBJAEUARQBFACAAVAByAGEAbgBzAGEAYwB0AGkAbwBuAHMAIABvAG4AIABOAGUAdQByAGEAbAAgAE4AZQB0AHcAbwByAGsAcwAuAHAAZABmAA8AGgAMAE0AYQBjAGkAbgB0AG8AcwBoACAASABEABIAZVVzZXJzL2ZlbGl4L0RvY3VtZW50cy9QYXBlcnMvMjAwMS9NeyAidX1sbGVyL017ICJ1fWxsZXJfMjAwMV9JRUVFIFRyYW5zYWN0aW9ucyBvbiBOZXVyYWwgTmV0d29ya3MucGRmAAATAAEvAAAVAAIADP//AACABtIbHB0eWiRjbGFzc25hbWVYJGNsYXNzZXNdTlNNdXRhYmxlRGF0YaMdHyBWTlNEYXRhWE5TT2JqZWN00hscIiNcTlNEaWN0aW9uYXJ5oiIgXxAPTlNLZXllZEFyY2hpdmVy0SYnVHJvb3SAAQAIABEAGgAjAC0AMgA3AEAARgBNAFUAYABnAGoAbABuAHEAcwB1AHcAhACOAOYA6wDzA0EDQwNIA1MDXANqA24DdQN+A4MDkAOTA6UDqAOtAAAAAAAAAgEAAAAAAAAAKAAAAAAAAAAAAAAAAAAAA68=},
	Bdsk-Url-1 = {http://dx.doi.org/10.1109/72.914517}}

@article{sgd,
	Author = {Herbert Robbins and Sutton Monro},
	Date-Added = {2016-01-06 15:36:49 +0000},
	Date-Modified = {2016-01-06 15:36:49 +0000},
	Journal = {Annals of Mathematical Statistics},
	Number = {3},
	Pages = {400---407},
	Title = {A Stochastic Approximation Method},
	Volume = {22},
	Year = {1951},
	Bdsk-File-1 = {YnBsaXN0MDDUAQIDBAUGJCVYJHZlcnNpb25YJG9iamVjdHNZJGFyY2hpdmVyVCR0b3ASAAGGoKgHCBMUFRYaIVUkbnVsbNMJCgsMDxJXTlMua2V5c1pOUy5vYmplY3RzViRjbGFzc6INDoACgAOiEBGABIAFgAdccmVsYXRpdmVQYXRoWWFsaWFzRGF0YV8QKS4uLy4uL1BhcGVycy8xOTUxL1JvYmJpbnMvUm9iYmluczE5NTEucGRm0hcLGBlXTlMuZGF0YU8RAbYAAAAAAbYAAgAADE1hY2ludG9zaCBIRAAAAAAAAAAAAAAAAAAAAM3JFUpIKwAAABY8Lg9Sb2JiaW5zMTk1MS5wZGYAAAAAAAAAAAAAAAAAAAAAAAAAAAAAAAAAAAAAAAAAAAAAAAAAAAAAAAAAAAAAAAAAFjwvzGmnKwAAAAAAAAAAAAIABAAACSAAAAAAAAAAAAAAAAAAAAAHUm9iYmlucwAAEAAIAADNyPkqAAAAEQAIAADMaYsLAAAAAQAYABY8LgAWPC0AFjq7AAXASQAFwEgAAhIpAAIATE1hY2ludG9zaCBIRDpVc2VyczoAZmVsaXg6AERvY3VtZW50czoAUGFwZXJzOgAxOTUxOgBSb2JiaW5zOgBSb2JiaW5zMTk1MS5wZGYADgAgAA8AUgBvAGIAYgBpAG4AcwAxADkANQAxAC4AcABkAGYADwAaAAwATQBhAGMAaQBuAHQAbwBzAGgAIABIAEQAEgA5VXNlcnMvZmVsaXgvRG9jdW1lbnRzL1BhcGVycy8xOTUxL1JvYmJpbnMvUm9iYmluczE5NTEucGRmAAATAAEvAAAVAAIADP//AACABtIbHB0eWiRjbGFzc25hbWVYJGNsYXNzZXNdTlNNdXRhYmxlRGF0YaMdHyBWTlNEYXRhWE5TT2JqZWN00hscIiNcTlNEaWN0aW9uYXJ5oiIgXxAPTlNLZXllZEFyY2hpdmVy0SYnVHJvb3SAAQAIABEAGgAjAC0AMgA3AEAARgBNAFUAYABnAGoAbABuAHEAcwB1AHcAhACOALoAvwDHAoECgwKIApMCnAKqAq4CtQK+AsMC0ALTAuUC6ALtAAAAAAAAAgEAAAAAAAAAKAAAAAAAAAAAAAAAAAAAAu8=}}

@article{kriging,
	Author = {Daniel G. Krige},
	Date-Added = {2016-01-06 15:36:32 +0000},
	Date-Modified = {2016-01-06 15:36:32 +0000},
	Journal = {Journal of the Chemical, Metallurgical and Mining Society of South Africa},
	Number = {6},
	Pages = {119--139},
	Title = {A statistical approach to some basic mine valuation problems on the Witwatersrand},
	Volume = {52},
	Year = {1951}}

@book{shawe2004kernel,
	Author = {J Shawe-Taylor and N Cristianini},
	Date-Added = {2016-01-06 15:36:27 +0000},
	Date-Modified = {2016-01-06 15:36:27 +0000},
	Journal = {Book},
	Publisher = {Cambridge University Press},
	Rating = {0},
	Title = {Kernel methods for pattern analysis},
	Uri = {papers://F5452AA1-302D-4DDE-92F3-F457C1710B27/Paper/p10531},
	Year = {2004},
	Bdsk-File-1 = {YnBsaXN0MDDUAQIDBAUGJCVYJHZlcnNpb25YJG9iamVjdHNZJGFyY2hpdmVyVCR0b3ASAAGGoKgHCBMUFRYaIVUkbnVsbNMJCgsMDxJXTlMua2V5c1pOUy5vYmplY3RzViRjbGFzc6INDoACgAOiEBGABIAFgAdccmVsYXRpdmVQYXRoWWFsaWFzRGF0YV8QNC4uLy4uL1BhcGVycy8yMDA0L1NoYXdlLVRheWxvci9TaGF3ZS1UYXlsb3JfYm9vay5wZGbSFwsYGVdOUy5kYXRhTxEB3AAAAAAB3AACAAAMTWFjaW50b3NoIEhEAAAAAAAAAAAAAAAAAAAAzckVSkgrAAAAFj+IFVNoYXdlLVRheWxvcl9ib29rLnBkZgAAAAAAAAAAAAAAAAAAAAAAAAAAAAAAAAAAAAAAAAAAAAAAAAAAAAAAAAAWP4nNfECdAAAAAAAAAAAAAgAEAAAJIAAAAAAAAAAAAAAAAAAAAAxTaGF3ZS1UYXlsb3IAEAAIAADNyPkqAAAAEQAIAADNfDKNAAAAAQAYABY/iAAWPyMAFjq7AAXASQAFwEgAAhIpAAIAV01hY2ludG9zaCBIRDpVc2VyczoAZmVsaXg6AERvY3VtZW50czoAUGFwZXJzOgAyMDA0OgBTaGF3ZS1UYXlsb3I6AFNoYXdlLVRheWxvcl9ib29rLnBkZgAADgAsABUAUwBoAGEAdwBlAC0AVABhAHkAbABvAHIAXwBiAG8AbwBrAC4AcABkAGYADwAaAAwATQBhAGMAaQBuAHQAbwBzAGgAIABIAEQAEgBEVXNlcnMvZmVsaXgvRG9jdW1lbnRzL1BhcGVycy8yMDA0L1NoYXdlLVRheWxvci9TaGF3ZS1UYXlsb3JfYm9vay5wZGYAEwABLwAAFQACAAz//wAAgAbSGxwdHlokY2xhc3NuYW1lWCRjbGFzc2VzXU5TTXV0YWJsZURhdGGjHR8gVk5TRGF0YVhOU09iamVjdNIbHCIjXE5TRGljdGlvbmFyeaIiIF8QD05TS2V5ZWRBcmNoaXZlctEmJ1Ryb290gAEACAARABoAIwAtADIANwBAAEYATQBVAGAAZwBqAGwAbgBxAHMAdQB3AIQAjgDFAMoA0gKyArQCuQLEAs0C2wLfAuYC7wL0AwEDBAMWAxkDHgAAAAAAAAIBAAAAAAAAACgAAAAAAAAAAAAAAAAAAAMg}}

@book{learning_with_kernels,
	Abstract = {n the 1990s, a new type of learning algorithm was developed, based on results from statistical learning theory: the Support Vector Machine (SVM). This gave rise to a new class of theoretically elegant learning machines that use a central concept of SVMs-kernels---for a number of learning tasks. Kernel machines provide a modular framework that can be adapted to different tasks and domains by the choice of the kernel function and the base algorithm. They are replacing neural networks in a variety of fields, including engineering, information retrieval, and bioinformatics. Learning with Kernels provides an introduction to SVMs and related kernel methods. Although the book begins with the basics, it also includes the latest research. It provides all of the concepts necessary to enable a reader equipped with some basic mathematical knowledge to enter the world of machine learning using theoretically well-founded yet easy-to-use kernel algorithms and to understand and apply the powerful algorithms that have been developed over the last few years.},
	Author = {Bernhard Sch\"olkopf and Alex J Smola},
	Date-Added = {2016-01-06 15:36:19 +0000},
	Date-Modified = {2016-01-25 19:14:30 +0000},
	Publisher = {MIT Press},
	Rating = {0},
	Read = {Yes},
	Title = {Learning with Kernels: Support Vector Machines, Regularization, Optimization, and Beyond},
	Year = {2002},
	Bdsk-Url-1 = {http://mitpress.mit.edu/catalog/item/default.asp?ttype=2&tid=8684}}

@article{Scholkopf:1998p427,
	Author = {B Sch\"olkopf and A J Smola and KR M{\"u}ller},
	Date-Added = {2016-01-06 15:36:05 +0000},
	Date-Modified = {2016-01-06 15:36:05 +0000},
	Journal = {Neural Computation},
	Number = {6},
	Pages = {1299--1319},
	Title = {Nonlinear component analysis as a kernel eigenvalue problem},
	Volume = {10},
	Year = {1998}}

@article{John2000,
	Author = {Huma Lodhi and John Shawe-Taylor and Nello Cristianini and Chris Watkins},
	Date-Added = {2016-01-06 15:35:37 +0000},
	Date-Modified = {2016-01-06 15:35:37 +0000},
	Journal = {Journal of Machine Learning Research},
	Local-Url = {file://localhost/Users/felix/Documents/Papers/2000/John/John_2000_Journal%20of%20Machine%20Learning%20Research.pdf},
	Pages = {563--569},
	Rating = {0},
	Read = {Yes},
	Title = {Text Classification using String Kernels},
	Uri = {papers://F5452AA1-302D-4DDE-92F3-F457C1710B27/Paper/p197},
	Volume = {2},
	Year = {2000},
	Bdsk-File-1 = {YnBsaXN0MDDUAQIDBAUGJCVYJHZlcnNpb25YJG9iamVjdHNZJGFyY2hpdmVyVCR0b3ASAAGGoKgHCBMUFRYaIVUkbnVsbNMJCgsMDxJXTlMua2V5c1pOUy5vYmplY3RzViRjbGFzc6INDoACgAOiEBGABIAFgAdccmVsYXRpdmVQYXRoWWFsaWFzRGF0YV8QSS4uLy4uL1BhcGVycy8yMDAwL0pvaG4vSm9obl8yMDAwX0pvdXJuYWwgb2YgTWFjaGluZSBMZWFybmluZyBSZXNlYXJjaC5wZGbSFwsYGVdOUy5kYXRhTxECJgAAAAACJgACAAAMTWFjaW50b3NoIEhEAAAAAAAAAAAAAAAAAAAAzckVSkgrAAAAFj3jH0pvaG5fMjAwMF9Kb3VybmFsIG9mIzE2M0RFNC5wZGYAAAAAAAAAAAAAAAAAAAAAAAAAAAAAAAAAAAAAAAAAAAAWPeTG4ac2AAAAAAAAAAAAAgAEAAAJIAAAAAAAAAAAAAAAAAAAAARKb2huABAACAAAzcj5KgAAABEACAAAxuGLFgAAAAEAGAAWPeMAFj3BABY6uwAFwEkABcBIAAISKQACAFlNYWNpbnRvc2ggSEQ6VXNlcnM6AGZlbGl4OgBEb2N1bWVudHM6AFBhcGVyczoAMjAwMDoASm9objoASm9obl8yMDAwX0pvdXJuYWwgb2YjMTYzREU0LnBkZgAADgBmADIASgBvAGgAbgBfADIAMAAwADAAXwBKAG8AdQByAG4AYQBsACAAbwBmACAATQBhAGMAaABpAG4AZQAgAEwAZQBhAHIAbgBpAG4AZwAgAFIAZQBzAGUAYQByAGMAaAAuAHAAZABmAA8AGgAMAE0AYQBjAGkAbgB0AG8AcwBoACAASABEABIAWVVzZXJzL2ZlbGl4L0RvY3VtZW50cy9QYXBlcnMvMjAwMC9Kb2huL0pvaG5fMjAwMF9Kb3VybmFsIG9mIE1hY2hpbmUgTGVhcm5pbmcgUmVzZWFyY2gucGRmAAATAAEvAAAVAAIADP//AACABtIbHB0eWiRjbGFzc25hbWVYJGNsYXNzZXNdTlNNdXRhYmxlRGF0YaMdHyBWTlNEYXRhWE5TT2JqZWN00hscIiNcTlNEaWN0aW9uYXJ5oiIgXxAPTlNLZXllZEFyY2hpdmVy0SYnVHJvb3SAAQAIABEAGgAjAC0AMgA3AEAARgBNAFUAYABnAGoAbABuAHEAcwB1AHcAhACOANoA3wDnAxEDEwMYAyMDLAM6Az4DRQNOA1MDYANjA3UDeAN9AAAAAAAAAgEAAAAAAAAAKAAAAAAAAAAAAAAAAAAAA38=}}

@article{Cortes1995,
	Author = {C. Cortes and V. Vapnik},
	Date-Added = {2016-01-06 15:35:32 +0000},
	Date-Modified = {2016-01-06 15:35:32 +0000},
	Issue = {3},
	Journal = {Machine Learning},
	Pages = {273-297},
	Title = {Support-vector networks},
	Volume = {20},
	Year = {1995}}

@inproceedings{Rahimi2008,
	Author = {Rahimi, Ali and Recht, Benjamin},
	Booktitle = {NIPS},
	Date-Added = {2016-01-06 15:35:28 +0000},
	Date-Modified = {2016-01-06 15:35:28 +0000},
	Title = {{Weighted Sums of Random Kitchen Sinks: Replacing minimization with randomization in learning}},
	Year = {2008},
	Bdsk-File-1 = {YnBsaXN0MDDUAQIDBAUGJCVYJHZlcnNpb25YJG9iamVjdHNZJGFyY2hpdmVyVCR0b3ASAAGGoKgHCBMUFRYaIVUkbnVsbNMJCgsMDxJXTlMua2V5c1pOUy5vYmplY3RzViRjbGFzc6INDoACgAOiEBGABIAFgAdccmVsYXRpdmVQYXRoWWFsaWFzRGF0YV8QJy4uLy4uL1BhcGVycy8yMDA4L1JhaGltaS9SYWhpbWkyMDA4LnBkZtIXCxgZV05TLmRhdGFPEQGuAAAAAAGuAAIAAAxNYWNpbnRvc2ggSEQAAAAAAAAAAAAAAAAAAADNyRVKSCsAAABZRP4OUmFoaW1pMjAwOC5wZGYAAAAAAAAAAAAAAAAAAAAAAAAAAAAAAAAAAAAAAAAAAAAAAAAAAAAAAAAAAAAAAAAAAFlFAc7ZBQEAAAAAAAAAAAACAAQAAAkgAAAAAAAAAAAAAAAAAAAABlJhaGltaQAQAAgAAM3I+SoAAAARAAgAAM7Y9vEAAAABABgAWUT+ABZBTQAWOrsABcBJAAXASAACEikAAgBKTWFjaW50b3NoIEhEOlVzZXJzOgBmZWxpeDoARG9jdW1lbnRzOgBQYXBlcnM6ADIwMDg6AFJhaGltaToAUmFoaW1pMjAwOC5wZGYADgAeAA4AUgBhAGgAaQBtAGkAMgAwADAAOAAuAHAAZABmAA8AGgAMAE0AYQBjAGkAbgB0AG8AcwBoACAASABEABIAN1VzZXJzL2ZlbGl4L0RvY3VtZW50cy9QYXBlcnMvMjAwOC9SYWhpbWkvUmFoaW1pMjAwOC5wZGYAABMAAS8AABUAAgAM//8AAIAG0hscHR5aJGNsYXNzbmFtZVgkY2xhc3Nlc11OU011dGFibGVEYXRhox0fIFZOU0RhdGFYTlNPYmplY3TSGxwiI1xOU0RpY3Rpb25hcnmiIiBfEA9OU0tleWVkQXJjaGl2ZXLRJidUcm9vdIABAAgAEQAaACMALQAyADcAQABGAE0AVQBgAGcAagBsAG4AcQBzAHUAdwCEAI4AuAC9AMUCdwJ5An4CiQKSAqACpAKrArQCuQLGAskC2wLeAuMAAAAAAAACAQAAAAAAAAAoAAAAAAAAAAAAAAAAAAAC5Q==},
	Bdsk-Url-1 = {http://dblp.uni-trier.de/rec/bibtex/conf/nips/RahimiR08}}
